@article{Shar2023,
  title         = {Keystroke Dynamics for User Identification},
  author        = {Atharva Sharma and Martin Jureček and Mark Stamp},
  year          = {2023},
  eprint        = {2307.05529},
  archiveprefix = {arXiv},
  primaryclass  = {cs.LG},
  url           = {https://arxiv.org/abs/2307.05529}
}

@article{Wang2024,
  author  = {Wang, C. and Tang, H. and Zhu, H. Y. and Zheng, J. H. and Jiang, C. J.},
  title   = {Behavioral authentication for security and safety},
  journal = {Security and Safety},
  year    = {2024},
  volume  = {3},
  pages   = {2024003},
  doi     = {10.1051/sands/2024003},
  url     = {https://doi.org/10.1051/sands/2024003}
}

@article{Abde2023,
  author         = {AbdelRaouf, Hussien and Chelloug, Samia Allaoua and Muthanna, Ammar and Semary, Noura and Amin, Khalid and Ibrahim, Mina},
  title          = {Efficient Convolutional Neural Network-Based Keystroke Dynamics for Boosting User Authentication},
  journal        = {Sensors},
  volume         = {23},
  year           = {2023},
  number         = {10},
  article-number = {4898},
  url            = {https://www.mdpi.com/1424-8220/23/10/4898},
  pubmedid       = {37430812},
  issn           = {1424-8220},
  doi            = {10.3390/s23104898}
}

@article{Jian2021,
  title         = {Free-Text Keystroke Dynamics for User Authentication},
  author        = {Jianwei Li and Han-Chih Chang and Mark Stamp},
  year          = {2021},
  eprint        = {2107.07009},
  archiveprefix = {arXiv},
  primaryclass  = {cs.LG},
  url           = {https://arxiv.org/abs/2107.07009}
}

@inproceedings{Anta2014,
  author = {Antal, Margit and Szabo, Laszlo and László, Izabella},
  year   = {2014},
  month  = {01},
  title  = {Keystroke Dynamics on Android Platform}
}

@article{Hami2021,
  author    = {Hamilton, William L.},
  title     = {Graph Representation Learning},
  journal   = {Synthesis Lectures on Artificial Intelligence and Machine Learning},
  volume    = {14},
  number    = {3},
  pages     = {1-159},
  publisher = {Morgan and Claypool},
  year      = {2020}
} 

@misc{Lesk2024,
  author       = {Leskovec, Jure et al.},
  title        = {CS224W: Machine Learning with Graphs},
  year         = {2024},
  howpublished = {[on-line] \url{https://web.stanford.edu/class/cs224w/index.html}},
  institution  = {Stanford University}
}

@book{Wu2022,
  author    = {Wu, Lingfei and Cui, Peng and Pei, Jian and Zhao, Liang},
  title     = {Graph Neural Networks: Foundations, Frontiers, and Applications},
  publisher = {Springer Singapore},
  address   = {Singapore},
  pages     = {725},
  year      = {2022}
} 

@article{Lu2020,
  title    = {Continuous authentication by free-text keystroke based on CNN and RNN},
  journal  = {Computers \& Security},
  volume   = {96},
  pages    = {101861},
  year     = {2020},
  issn     = {0167-4048},
  doi      = {https://doi.org/10.1016/j.cose.2020.101861},
  url      = {https://www.sciencedirect.com/science/article/pii/S0167404820301334},
  author   = {Xiaofeng Lu and Shengfei Zhang and Pan Hui and Pietro Lio},
  keywords = {Authentication, Keystroke dynamics, Free-text, CNN, RNN}
}

@inproceedings{Monr1997,
  author    = {Monrose, Fabian and Rubin, Aviel},
  title     = {Authentication via keystroke dynamics},
  year      = {1997},
  isbn      = {0897919122},
  publisher = {Association for Computing Machinery},
  address   = {New York, NY, USA},
  url       = {https://doi.org/10.1145/266420.266434},
  doi       = {10.1145/266420.266434},
  booktitle = {Proceedings of the 4th ACM Conference on Computer and Communications Security},
  pages     = {48-56},
  numpages  = {9},
  location  = {Zurich, Switzerland},
  series    = {CCS '97}
}

@article{sanch2021,
  author  = {Sanchez-Lengeling, Benjamin and Reif, Emily and Pearce, Adam and Wiltschko, Alexander B.},
  title   = {A Gentle Introduction to Graph Neural Networks},
  journal = {Distill},
  year    = {2021},
  note    = {https://distill.pub/2021/gnn-intro},
  doi     = {10.23915/distill.00033}
}

@article{daig2021,
  author  = {Daigavane, Ameya and Ravindran, Balaraman and Aggarwal, Gaurav},
  title   = {Understanding Convolutions on Graphs},
  journal = {Distill},
  year    = {2021},
  note    = {https://distill.pub/2021/understanding-gnns},
  doi     = {10.23915/distill.00032}
}

@misc{androidStats,
  title        = {Android Distribution Chart},
  howpublished = {[on-line] \url{https://composables.com/android-distribution-chart}},
  note         = {Accessed: 2025-01-11}
}

@misc{operatingSystemDistribution,
  title        = {Mobile Operating System Market Share in Poland},
  howpublished = {[on-line] \url{https://gs.statcounter.com/os-market-share/mobile/poland}},
  note         = {Accessed: 2025-01-11}
}

@misc{jetpackCompose,
  title        = {Jetpack Compose: Modern Toolkit for Native UI},
  howpublished = {[on-line] \url{https://developer.android.com/compose}},
  note         = {Accessed: 2025-01-11}
}

@misc{fastapi,
  title        = {FastAPI},
  howpublished = {[on-line] \url{https://fastapi.tiangolo.com}},
  note         = {Accessed: 2025-01-11}
}

@inproceedings{10.1145/3052973.3053032,
  author    = {Eberz, Simon and Rasmussen, Kasper B. and Lenders, Vincent and Martinovic, Ivan},
  title     = {Evaluating Behavioral Biometrics for Continuous Authentication: Challenges and Metrics},
  year      = {2017},
  isbn      = {9781450349444},
  publisher = {Association for Computing Machinery},
  address   = {New York, NY, USA},
  url       = {https://doi.org/10.1145/3052973.3053032},
  doi       = {10.1145/3052973.3053032},
  pages     = {386–399},
  numpages  = {14},
  keywords  = {biometrics, continuous authentication, metrics},
  location  = {Abu Dhabi, United Arab Emirates},
  series    = {ASIA CCS '17}
}

@book{traore2011continuous,
  title     = {Continuous Authentication Using Biometrics: Data, Models, and Metrics: Data, Models, and Metrics},
  author    = {Traore, Issa},
  year      = {2011},
  publisher = {Igi Global}
}

@inproceedings{NEURIPS2021_b8b2926b,
  author    = {Papp, P\'{a}l Andr\'{a}s and Martinkus, Karolis and Faber, Lukas and Wattenhofer, Roger},
  booktitle = {Advances in Neural Information Processing Systems},
  editor    = {M. Ranzato and A. Beygelzimer and Y. Dauphin and P.S. Liang and J. Wortman Vaughan},
  pages     = {21997--22009},
  publisher = {Curran Associates, Inc.},
  title     = {DropGNN: Random Dropouts Increase the Expressiveness of Graph Neural Networks},
  url       = {https://proceedings.neurips.cc/paper_files/paper/2021/file/b8b2926bd27d4307569ad119b6025f94-Paper.pdf},
  volume    = {34},
  year      = {2021}
}

@inproceedings{NIPS2013_71f6278d,
  author    = {Baldi, Pierre and Sadowski, Peter J},
  booktitle = {Advances in Neural Information Processing Systems},
  editor    = {C.J. Burges and L. Bottou and M. Welling and Z. Ghahramani and K.Q. Weinberger},
  pages     = {},
  publisher = {Curran Associates, Inc.},
  title     = {Understanding Dropout},
  url       = {https://proceedings.neurips.cc/paper_files/paper/2013/file/71f6278d140af599e06ad9bf1ba03cb0-Paper.pdf},
  volume    = {26},
  year      = {2013}
}

@misc{statista_biometric_phones_2025,
  author       = {Ahmed Sherif},
  title        = {Number of biometric-enabled smartphones in North America and Western Europe from 2021 to 2024},
  year         = {2025},
  howpublished = {[on-line] \url{https://www.statista.com/statistics/1226088/north-america-western-europe-biometric-enabled-phones/}},
  note         = {Accessed: 2025-01-11}
}

@misc{microsoft_windows_hello_2025,
  title        = {Configure Windows Hello in Windows},
  year         = {2025},
  howpublished = {[on-line] \url{https://support.microsoft.com/en-us/windows/configure-windows-hello-dae28983-8242-bb2a-d3d1-87c9d265a5f0}},
  note         = {Accessed: 2025-01-11}
}

@article{joyce1990keystroke,
  author  = {Joyce, R. and Gupta, G.},
  title   = {Identity Authentication Based on Keystroke Latencies},
  journal = {Communications of the ACM},
  volume  = {33},
  pages   = {168--176},
  year    = {1990},
  doi     = {10.1145/75577.75582},
  url     = {http://dx.doi.org/10.1145/75577.75582}
}

@inproceedings{ceker_cnn2017,
  author    = {Çeker, Hayreddin and Upadhyaya, Shambhu},
  booktitle = {2017 IEEE Workshop on Information Forensics and Security (WIFS)},
  title     = {Sensitivity analysis in keystroke dynamics using convolutional neural networks},
  year      = {2017},
  volume    = {},
  number    = {},
  pages     = {1-6},
  keywords  = {Feature extraction;Training;Convolution;Timing;Presses;Password;Behavioral biometrics;convolutional neural network;data augmentation;deep learning;keystroke dynamics},
  doi       = {10.1109/WIFS.2017.8267667}
}

@misc{eu_guidelines_2024,
  title        = {Regulation (EU) 2024/1689 of the European Parliament and of the Council of 18 June 2024 on artificial intelligence and ethical data sourcing},
  year         = {2024},
  howpublished = {[on-line] \url{https://eur-lex.europa.eu/legal-content/EN/TXT/?uri=CELEX%3A32024R1689}},
  note         = {Accessed: 2025-01-11}
}

@misc{android_keyboard_commands_2025,
  title        = {Keyboard Commands Overview},
  year         = {2025},
  howpublished = {[on-line] \url{https://developer.android.com/develop/ui/views/touch-and-input/keyboard-input/commands}},
  note         = {Accessed: 2025-01-11}
}

@misc{wikipedia_graph_2025,
  title        = {Graph (Discrete Mathematics)},
  year         = {2025},
  howpublished = {[on-line] \url{https://en.wikipedia.org/wiki/Graph_(discrete_mathematics)}},
  note         = {Accessed: 2025-01-11}
}

@misc{wikipedia_keystrokes_2025,
  title        = {Keystroke dynamics},
  year         = {2025},
  howpublished = {[on-line] \url{https://en.wikipedia.org/wiki/Keystroke_dynamics}},
  note         = {Accessed: 2025-01-11}
}

@article{you2021identityawaregraphneuralnetworks,
  title         = {Identity-aware Graph Neural Networks},
  author        = {Jiaxuan You and Jonathan Gomes-Selman and Rex Ying and Jure Leskovec},
  year          = {2021},
  eprint        = {2101.10320},
  archiveprefix = {arXiv},
  primaryclass  = {cs.LG},
  url           = {https://arxiv.org/abs/2101.10320}
}

@misc{biometrics_institute_2025,
  title        = {Types of Biometrics},
  year         = {2025},
  howpublished = {[on-line] \url{https://www.biometricsinstitute.org/what-is-biometrics/types-of-biometrics/}},
  note         = {Accessed: 2025-01-11}
}

@misc{google_mlkit_face_detection_2025,
  title        = {ML Kit: Face Detection},
  year         = {2025},
  howpublished = {[on-line] \url{https://developers.google.com/ml-kit/vision/face-detection}},
  note         = {Accessed: 2025-01-11}
}

@misc{apple_support_face_id_2025,
  title        = {Face ID Overview},
  year         = {2025},
  howpublished = {[on-line] \url{https://support.apple.com/en-us/102381}},
  note         = {Accessed: 2025-01-11}
}

@misc{nist_forensic_biometrics_2025,
  title        = {Forensic Biometrics},
  year         = {2025},
  howpublished = {[on-line] \url{https://www.nist.gov/forensic-biometrics}},
  note         = {Accessed: 2025-01-11}
}

@inproceedings{48305,
  title     = {On-Device Neural Net Inference with Mobile GPUs},
  author    = {Juhyun Lee and Nikolay Chirkov and Ekaterina Ignasheva and Yury Pisarchyk and Mogan Shieh and Fabio Riccardi and Raman Sarokin and Andrei Kulik and Matthias Grundmann},
  year      = {2019},
  booktitle = {Efficient Deep Learning for Computer Vision CVPR 2019 (ECV2019)}
}

@inproceedings{Ansel_PyTorch_2_Faster_2024,
  author    = {Ansel, Jason and Yang, Edward and He, Horace and Gimelshein, Natalia and Jain, Animesh and Voznesensky, Michael and Bao, Bin and Bell, Peter and Berard, David and Burovski, Evgeni et al.},
  booktitle = {29th ACM International Conference on Architectural Support for Programming Languages and Operating Systems, Volume 2 (ASPLOS '24)},
  doi       = {10.1145/3620665.3640366},
  month     = apr,
  publisher = {ACM},
  title     = {{PyTorch 2: Faster Machine Learning Through Dynamic Python Bytecode Transformation and Graph Compilation}},
  url       = {https://pytorch.org/assets/pytorch2-2.pdf},
  year      = {2024}
}

@misc{replika,
  title        = {Replika},
  howpublished = {[on-line] \url{https://replika.com/}},
  note         = {Accessed: 2025-01-11}
}

@misc{cleverbot,
  title        = {Cleverbot},
  howpublished = {[on-line] \url{https://www.cleverbot.com/}},
  note         = {Accessed: 2025-01-11}
}

@article{kim2018,
  author  = {Junhong Kim, Haedong Kim, Pilsung Kang},
  title   = {Keystroke dynamics-based user authentication using freely typed text based on user-adaptive feature extraction and novelty detection},
  year    = {2018},
  journal = {Applied Soft Computing},
  volume  = {62},
  pages   = {1077-1087},
  issn    = {1568-4946},
  doi     = {https://doi.org/10.1016/j.asoc.2017.09.045},
  url     = {https://www.sciencedirect.com/science/article/pii/S1568494617305847}
}

@article{kim2020,
  author  = {Junhong Kim and Pilsung Kang},
  title   = {Freely typed keystroke dynamics-based user authentication for mobile devices based on heterogeneous features},
  year    = {2020},
  journal = {Pattern Recognition},
  volume  = {108},
  pages   = {107556},
  issn    = {0031-3203},
  doi     = {https://doi.org/10.1016/j.patcog.2020.107556},
  url     = {https://www.sciencedirect.com/science/article/pii/S0031320320303599}
}

@article{ahmed2013,
  author  = {Ahmed, Ahmed and Traore, Issa},
  title   = {Biometric Recognition Based on Free-Text Keystroke Dynamics},
  year    = {2013},
  month   = {05},
  pages   = {},
  volume  = {44},
  journal = {IEEE transactions on cybernetics},
  doi     = {10.1109/TCYB.2013.2257745}
}

@inproceedings{optimal_no_of_layers,
  authors = {Humaira Noor, Niful Islam, Md. Saddam Hossain Mukta, Nur Shazwani Binti Kamarudin, Mohaimenul Azam Khan Raiaan, Sami Azam},
  title   = {Determining the Optimal Number of GAT and GCN Layers for Node Classiﬁcation in Graph Neural Networks},
  doi     = {10.1109/ICSECS58457.2023.10256323}
}

@article{zhang2024graphsparsificationmixturegraphs,
  title         = {Graph Sparsification via Mixture of Graphs},
  author        = {Guibin Zhang and Xiangguo Sun and Yanwei Yue and Chonghe Jiang and Kun Wang and Tianlong Chen and Shirui Pan},
  year          = {2024},
  eprint        = {2405.14260},
  archiveprefix = {arXiv},
  primaryclass  = {cs.LG},
  url           = {https://arxiv.org/abs/2405.14260}
}

@article{kipf2017,
  title         = {Semi-Supervised Classification with Graph Convolutional Networks},
  author        = {Thomas N. Kipf and Max Welling},
  year          = {2017},
  eprint        = {1609.02907},
  archiveprefix = {arXiv},
  primaryclass  = {cs.LG},
  url           = {https://arxiv.org/abs/1609.02907}
}

@article{maiorana2021,
  author   = {Maiorana, Emanuele and Kalita, Himanka and Campisi, Patrizio},
  title    = {Mobile keystroke dynamics for biometric recognition: An overview},
  journal  = {IET Biometrics},
  volume   = {10},
  number   = {1},
  pages    = {1-23},
  keywords = {biometrics (access control), keyboards, mobile computing, smart phones},
  doi      = {https://doi.org/10.1049/bme2.12003},
  url      = {https://ietresearch.onlinelibrary.wiley.com/doi/abs/10.1049/bme2.12003},
  year     = {2021}
}

